<record><leader>00000cas a22000007a 4500</leader><controlfield tag="001">12960150</controlfield><controlfield tag="008">851230d1972197uinudn ne      0    0eng d</controlfield><datafield ind1=" " ind2=" " tag="010"><subfield code="a">sn 85048272 </subfield></datafield><datafield ind1=" " ind2=" " tag="040"><subfield code="a">NPI</subfield><subfield code="b">eng</subfield><subfield code="c">NPI</subfield><subfield code="d">OCLCQ</subfield></datafield><datafield ind1=" " ind2=" " tag="042"><subfield code="a">msc</subfield></datafield><datafield ind1="0" ind2="4" tag="245"><subfield code="a">The Hancock daily news.</subfield></datafield><datafield ind1=" " ind2=" " tag="260"><subfield code="a">Greenfield, Ind. :</subfield><subfield code="b">Hancock Publications,</subfield><subfield code="c">1972-</subfield></datafield><datafield ind1=" " ind2=" " tag="300"><subfield code="a">v. :</subfield><subfield code="b">ill. ;</subfield><subfield code="c">58 cm.</subfield></datafield><datafield ind1=" " ind2=" " tag="310"><subfield code="a">Daily (except Sun. &amp; major holidays)</subfield></datafield><datafield ind1="0" ind2=" " tag="362"><subfield code="a">July 31, 1972-</subfield></datafield><datafield ind1="1" ind2=" " tag="362"><subfield code="a">Seems to have been a short-lived publication.</subfield></datafield><datafield ind1=" " ind2=" " tag="500"><subfield code="a">"Politically independent county newspaper."</subfield></datafield><datafield ind1=" " ind2=" " tag="752"><subfield code="a">United States</subfield><subfield code="b">Indiana</subfield><subfield code="c">Hancock</subfield><subfield code="d">Greenfield.</subfield></datafield></record>